% ==============================================================================
% Arquivo de Bibliografia (BibTeX)
% ==============================================================================
% Este arquivo contém as referências bibliográficas do TCC.
% Adicione novas referências conforme necessário.
% ==============================================================================

% ------------------------------------------------------------------------------
% APRENDIZADO FEDERADO - TRABALHOS FUNDAMENTAIS
% ------------------------------------------------------------------------------

@article{mcmahan2017fedavg,
    author    = {McMahan, H. Brendan and Moore, Eider and Ramage, Daniel and Hampson, Seth and Arcas, Blaise Aguera y},
    title     = {Communication-Efficient Learning of Deep Networks from Decentralized Data},
    journal   = {Proceedings of the 20th International Conference on Artificial Intelligence and Statistics (AISTATS)},
    year      = {2017},
    volume    = {54},
    pages     = {1273--1282},
    publisher = {PMLR},
    url       = {http://proceedings.mlr.press/v54/mcmahan17a.html}
}

@article{kairouz2021advances,
    author    = {Kairouz, Peter and McMahan, H. Brendan and Avent, Brendan and others},
    title     = {Advances and Open Problems in Federated Learning},
    journal   = {Foundations and Trends in Machine Learning},
    year      = {2021},
    volume    = {14},
    number    = {1--2},
    pages     = {1--210},
    publisher = {Now Publishers},
    doi       = {10.1561/2200000083}
}

@inproceedings{li2020fedprox,
    author    = {Li, Tian and Sahu, Anit Kumar and Zaheer, Manzil and Sanjabi, Maziar and Talwalkar, Ameet and Smith, Virginia},
    title     = {Federated Optimization in Heterogeneous Networks},
    booktitle = {Proceedings of Machine Learning and Systems (MLSys)},
    year      = {2020},
    volume    = {2},
    pages     = {429--450}
}

% ------------------------------------------------------------------------------
% MODELOS DE ÁRVORE
% ------------------------------------------------------------------------------

@inproceedings{chen2016xgboost,
    author    = {Chen, Tianqi and Guestrin, Carlos},
    title     = {XGBoost: A Scalable Tree Boosting System},
    booktitle = {Proceedings of the 22nd ACM SIGKDD International Conference on Knowledge Discovery and Data Mining (KDD)},
    year      = {2016},
    pages     = {785--794},
    publisher = {ACM},
    doi       = {10.1145/2939672.2939785}
}

@inproceedings{ke2017lightgbm,
    author    = {Ke, Guolin and Meng, Qi and Finley, Thomas and Wang, Taifeng and Chen, Wei and Ma, Weidong and Ye, Qiwei and Liu, Tie-Yan},
    title     = {LightGBM: A Highly Efficient Gradient Boosting Decision Tree},
    booktitle = {Advances in Neural Information Processing Systems (NeurIPS)},
    year      = {2017},
    volume    = {30},
    pages     = {3146--3154},
    publisher = {Curran Associates, Inc.}
}

@article{prokhorenkova2018catboost,
    author  = {Prokhorenkova, Liudmila and Gusev, Gleb and Vorobev, Aleksandr and Dorogush, Anna Veronika and Gulin, Andrey},
    title   = {CatBoost: Unbiased Boosting with Categorical Features},
    journal = {Advances in Neural Information Processing Systems (NeurIPS)},
    year    = {2018},
    volume  = {31},
    pages   = {6638--6648}
}

% ------------------------------------------------------------------------------
% FRAMEWORK FLOWER
% ------------------------------------------------------------------------------

@article{flower2020,
    author  = {Beutel, Daniel J. and Topal, Taner and Mathur, Akhil and Qiu, Xinchi and Fernandez-Marques, Javier and Gao, Yan and Sani, Lorenzo and Li, Kwing Hei and Parcollet, Titouan and Gusmão, Pedro Porto Buarque de and Lane, Nicholas D.},
    title   = {Flower: A Friendly Federated Learning Framework},
    journal = {arXiv preprint arXiv:2007.14390},
    year    = {2020},
    url     = {https://arxiv.org/abs/2007.14390}
}

% ------------------------------------------------------------------------------
% SDN (SOFTWARE-DEFINED NETWORKING)
% ------------------------------------------------------------------------------

@article{kreutz2015sdn,
    author  = {Kreutz, Diego and Ramos, Fernando M. V. and Verissimo, Paulo Esteves and Rothenberg, Christian Esteve and Azodolmolky, Siamak and Uhlig, Steve},
    title   = {Software-Defined Networking: A Comprehensive Survey},
    journal = {Proceedings of the IEEE},
    year    = {2015},
    volume  = {103},
    number  = {1},
    pages   = {14--76},
    doi     = {10.1109/JPROC.2014.2371999}
}

% ------------------------------------------------------------------------------
% PRIVACIDADE E SEGURANÇA
% ------------------------------------------------------------------------------

@article{dwork2014algorithmic,
    author    = {Dwork, Cynthia and Roth, Aaron},
    title     = {The Algorithmic Foundations of Differential Privacy},
    journal   = {Foundations and Trends in Theoretical Computer Science},
    year      = {2014},
    volume    = {9},
    number    = {3--4},
    pages     = {211--407},
    publisher = {Now Publishers},
    doi       = {10.1561/0400000042}
}

@inproceedings{bonawitz2017secure,
    author    = {Bonawitz, Keith and Ivanov, Vladimir and Kreuter, Ben and Marcedone, Antonio and McMahan, H. Brendan and Patel, Sarvar and Ramage, Daniel and Segal, Aaron and Seth, Karn},
    title     = {Practical Secure Aggregation for Privacy-Preserving Machine Learning},
    booktitle = {Proceedings of the 2017 ACM SIGSAC Conference on Computer and Communications Security (CCS)},
    year      = {2017},
    pages     = {1175--1191},
    publisher = {ACM},
    doi       = {10.1145/3133956.3133982}
}

% ------------------------------------------------------------------------------
% LIVROS DE REFERÊNCIA
% ------------------------------------------------------------------------------

@book{goodfellow2016deep,
    author    = {Goodfellow, Ian and Bengio, Yoshua and Courville, Aaron},
    title     = {Deep Learning},
    publisher = {MIT Press},
    year      = {2016},
    url       = {http://www.deeplearningbook.org}
}

@book{hastie2009elements,
    author    = {Hastie, Trevor and Tibshirani, Robert and Friedman, Jerome},
    title     = {The Elements of Statistical Learning: Data Mining, Inference, and Prediction},
    publisher = {Springer},
    year      = {2009},
    edition   = {2nd},
    doi       = {10.1007/978-0-387-84858-7}
}

% ------------------------------------------------------------------------------
% LGPD E REGULAMENTAÇÕES
% ------------------------------------------------------------------------------

@misc{lgpd2018,
    author       = {{Brasil}},
    title        = {Lei Geral de Proteção de Dados Pessoais (LGPD) -- Lei nº 13.709/2018},
    year         = {2018},
    howpublished = {Diário Oficial da União},
    url          = {http://www.planalto.gov.br/ccivil_03/_ato2015-2018/2018/lei/l13709.htm}
}

% ------------------------------------------------------------------------------
% PLACEHOLDERS PARA ADICIONAR MAIS REFERÊNCIAS
% ------------------------------------------------------------------------------

% <<ADICIONAR_TRABALHOS_RELACIONADOS_ESPECÍFICOS>>

% Exemplo de artigo:
% @article{autor2023titulo,
%     author  = {Sobrenome, Nome and Sobrenome2, Nome2},
%     title   = {Título do Artigo},
%     journal = {Nome do Journal},
%     year    = {2023},
%     volume  = {10},
%     number  = {2},
%     pages   = {123--145},
%     doi     = {10.1234/exemplo}
% }

% Exemplo de conferência:
% @inproceedings{autor2022titulo,
%     author    = {Sobrenome, Nome},
%     title     = {Título do Paper},
%     booktitle = {Proceedings of Conference Name},
%     year      = {2022},
%     pages     = {100--110},
%     publisher = {IEEE/ACM/etc}
% }

% Exemplo de site/repositório:
% @misc{autor2023dataset,
%     author       = {Sobrenome, Nome},
%     title        = {Nome do Dataset},
%     year         = {2023},
%     howpublished = {\url{https://example.com/dataset}},
%     note         = {Acessado em: 01/01/2024}
% }

% <<ADICIONAR_MAIS_REFERÊNCIAS_CONFORME_NECESSÁRIO>>

% FIM DO ARQUIVO